@article{bpigene,
  title={Association between bactericidal/permeability increasing protein (BPI) gene polymorphism (Lys216Glu) and inflammatory bowel disease},
  author={Ak{\i}n, Hakan and Tahan, G{\"u}lg{\"u}n and T{\"u}re, Filiz and Eren, Fatih and Atu{\u{g}}, {\"O}zlen and Tahan, Veysel and Hamzao{\u{g}}lu, {\.I}smail and {\.I}mery{\"u}z, Ne{\c{s}}e and T{\"o}z{\"u}n, Nurdan and Hamzaoglu, Hulya Over},
  journal={Journal of Crohn's and Colitis},
  volume={5},
  number={1},
  pages={14--18},
  year={2011},
  publisher={Elsevier}
}

@article{tablecontent,
    author = {Overmyer KA, Shishkova E, Miller IJ, Balnis J, Bernstein MN, Peters-Clarke TM, Meyer JG, Quan Q, Muehlbauer LK, Trujillo EA, He Y, Chopra A, Chieng HC, Tiwari A, Judson MA, Paulson B, Brademan DR, Zhu Y, Serrano LR, Linke V, Drake LA, Adam AP, Schwartz BS, Singer HA, Swanson S, Mosher DF, Stewart R, Coon JJ, Jaitovich A.},
    title = {A. Large-Scale Multi-omic Analysis of COVID-19 Severity},
    journal =  {Cell systems, 12(1), 23â€“40.e7. https://doi.org/10.1016/j.cels.2020.10.003},
    year = {2020}
}

@article{bpigene2,
    author = {Wikipedia},
    title = {Bactericidal permeability-increasing protein},
    journal = {https://en.wikipedia.org/wiki/Bactericidal_permeability-increasing_protein},
    year = {2023}
}